% Encoding: UTF-8

@Online{Guardrex2023a,
  date    = {2023-01-12},
  editor  = {Guardrex and Jimsparkle},
  title   = {ASP.NET Core Blazor render modes},
  url     = {https://learn.microsoft.com/en-us/aspnet/core/blazor/components/render-modes?view=aspnetcore-8.0},
  urldate = {2023-12-14},
}

@Online{Guardrex2023,
  date    = {2023-01-12},
  editor  = {Guardrex and Rick-Anderson and Sabahshariq},
  title   = {ASP.NET Core Blazor fundamentals},
  url     = {https://learn.microsoft.com/en-us/aspnet/core/blazor/fundamentals/?view=aspnetcore-8.0},
  urldate = {2023-12-14},
}

@Online{Guardrex2023b,
  date    = {2023-11-14},
  editor  = {Guardrex and Rick-Anderson and achingono and hjoab and danroth27 and BhargaviAnnadevara-MSFT and pranavkm and BrennanConroy and dev-masih and isaacrlevin and erwindevreugd and britebit and v-thepet and ajaybhargavb},
  title   = {ASP.NET Core Blazor hosting models},
  url     = {https://learn.microsoft.com/en-us/aspnet/core/blazor/hosting-models?view=aspnetcore-8.0},
  urldate = {2023-12-14},
}

@Comment{jabref-meta: databaseType:biblatex;}
